<marcxml:record xmlns:marcxml="http://www.loc.gov/MARC21/slim" xmlns:mets="http://www.loc.gov/METS/" xmlns:bf="http://id.loc.gov/ontologies/bibframe/" xmlns:bflc="http://id.loc.gov/ontologies/bflc/" xmlns:madsrdf="http://www.loc.gov/mads/rdf/v1#" xmlns:rdf="http://www.w3.org/1999/02/22-rdf-syntax-ns#" xmlns:ri="http://id.loc.gov/ontologies/RecordInfo#" xmlns:idx="info:lc/xq-modules/lcindex" xmlns:semtriples="http://marklogic.com/semantic" xmlns:xsi="http://www.w3.org/2001/XMLSchema-instance" xmlns:xlink="http://www.w3.org/1999/xlink" xmlns:streams="info:lc/streams#">
  <marcxml:leader>02285cam a2200457 i 4500</marcxml:leader>
  <marcxml:controlfield tag="001">21673580</marcxml:controlfield>
  <marcxml:controlfield tag="005">20200820114552.0</marcxml:controlfield>
  <marcxml:controlfield tag="008">200206s1989    ru ach        000 1 rus  </marcxml:controlfield>
  <marcxml:datafield tag="906" ind1=" " ind2=" ">
    <marcxml:subfield code="a">7</marcxml:subfield>
    <marcxml:subfield code="b">cbc</marcxml:subfield>
    <marcxml:subfield code="c">origres</marcxml:subfield>
    <marcxml:subfield code="d">3</marcxml:subfield>
    <marcxml:subfield code="e">ncip</marcxml:subfield>
    <marcxml:subfield code="f">20</marcxml:subfield>
    <marcxml:subfield code="g">y-nonroman</marcxml:subfield>
  </marcxml:datafield>
  <marcxml:datafield tag="925" ind1="0" ind2=" ">
    <marcxml:subfield code="a">acquire</marcxml:subfield>
    <marcxml:subfield code="b">1 shelf copy</marcxml:subfield>
    <marcxml:subfield code="x">policy default</marcxml:subfield>
  </marcxml:datafield>
  <marcxml:datafield tag="955" ind1=" " ind2=" ">
    <marcxml:subfield code="a">ve16 2020-04-24</marcxml:subfield>
    <marcxml:subfield code="i">fe22 2020-08-17 overtime to BCCD</marcxml:subfield>
  </marcxml:datafield>
  <marcxml:datafield tag="010" ind1=" " ind2=" ">
    <marcxml:subfield code="a">  2019451462</marcxml:subfield>
  </marcxml:datafield>
  <marcxml:datafield tag="020" ind1=" " ind2=" ">
    <marcxml:subfield code="a">5010020947</marcxml:subfield>
    <marcxml:subfield code="q">(pbk.)</marcxml:subfield>
  </marcxml:datafield>
  <marcxml:datafield tag="035" ind1=" " ind2=" ">
    <marcxml:subfield code="a">(RuMoEVIS)ev1298232B</marcxml:subfield>
  </marcxml:datafield>
  <marcxml:datafield tag="040" ind1=" " ind2=" ">
    <marcxml:subfield code="a">DLC</marcxml:subfield>
    <marcxml:subfield code="b">eng</marcxml:subfield>
    <marcxml:subfield code="e">rda</marcxml:subfield>
    <marcxml:subfield code="c">DLC</marcxml:subfield>
  </marcxml:datafield>
  <marcxml:datafield tag="041" ind1="1" ind2=" ">
    <marcxml:subfield code="a">rus</marcxml:subfield>
    <marcxml:subfield code="h">eng</marcxml:subfield>
  </marcxml:datafield>
  <marcxml:datafield tag="042" ind1=" " ind2=" ">
    <marcxml:subfield code="a">pcc</marcxml:subfield>
  </marcxml:datafield>
  <marcxml:datafield tag="050" ind1="0" ind2="0">
    <marcxml:subfield code="a">PR6029.R8</marcxml:subfield>
    <marcxml:subfield code="b">A57 1989</marcxml:subfield>
  </marcxml:datafield>
  <marcxml:datafield tag="066" ind1=" " ind2=" ">
    <marcxml:subfield code="c">(N</marcxml:subfield>
  </marcxml:datafield>
  <marcxml:datafield tag="100" ind1="1" ind2=" ">
    <marcxml:subfield code="a">Orwell, George,</marcxml:subfield>
    <marcxml:subfield code="d">1903-1950,</marcxml:subfield>
    <marcxml:subfield code="e">author.</marcxml:subfield>
  </marcxml:datafield>
  <marcxml:datafield tag="240" ind1="1" ind2="0">
    <marcxml:subfield code="a">Nineteen eighty-four.</marcxml:subfield>
    <marcxml:subfield code="l">Russian</marcxml:subfield>
  </marcxml:datafield>
  <marcxml:datafield tag="245" ind1="1" ind2="0">
    <marcxml:subfield code="6">880-01</marcxml:subfield>
    <marcxml:subfield code="a">"1984" i ėsse raznykh let :</marcxml:subfield>
    <marcxml:subfield code="b">roman i khudozhestvennai︠a︡ publit︠s︡istika /</marcxml:subfield>
    <marcxml:subfield code="c">Dzhordzh Oruėl ; sostvitlʹ V.S. Muravʹev ; komentarii V.A. Chalikovoĭ ; redaktor A.A. Faĭngar.</marcxml:subfield>
  </marcxml:datafield>
  <marcxml:datafield tag="880" ind1="1" ind2="0">
    <marcxml:subfield code="6">245-01/(N</marcxml:subfield>
    <marcxml:subfield code="a">"1984" и эссе разных лет :</marcxml:subfield>
    <marcxml:subfield code="b">роман и художественная публицистика /</marcxml:subfield>
    <marcxml:subfield code="c">Джордж Оруэл ; соствитль В.С. Муравьев ; коментарии В.А. Чаликовой ; редактор А.А. Файнгар.</marcxml:subfield>
  </marcxml:datafield>
  <marcxml:datafield tag="246" ind1="3" ind2=" ">
    <marcxml:subfield code="6">880-02</marcxml:subfield>
    <marcxml:subfield code="a">Tysi︠a︡cha devi︠a︡tʹsot vosemdesi︠a︡t chetyre</marcxml:subfield>
  </marcxml:datafield>
  <marcxml:datafield tag="880" ind1="3" ind2=" ">
    <marcxml:subfield code="6">246-02/(N</marcxml:subfield>
    <marcxml:subfield code="a">Тысяча девятьсот восемдесят четыре</marcxml:subfield>
  </marcxml:datafield>
  <marcxml:datafield tag="264" ind1=" " ind2="1">
    <marcxml:subfield code="6">880-03</marcxml:subfield>
    <marcxml:subfield code="a">Moskva :</marcxml:subfield>
    <marcxml:subfield code="b">"PROGRESS",</marcxml:subfield>
    <marcxml:subfield code="c">1989.</marcxml:subfield>
  </marcxml:datafield>
  <marcxml:datafield tag="880" ind1=" " ind2="1">
    <marcxml:subfield code="6">264-03/(N</marcxml:subfield>
    <marcxml:subfield code="a">Москва :</marcxml:subfield>
    <marcxml:subfield code="b">"ПРОГРЕСС",</marcxml:subfield>
    <marcxml:subfield code="c">1989.</marcxml:subfield>
  </marcxml:datafield>
  <marcxml:datafield tag="300" ind1=" " ind2=" ">
    <marcxml:subfield code="a">377 pages, 12 unnumbered pages of plates :</marcxml:subfield>
    <marcxml:subfield code="b">illustrations ;</marcxml:subfield>
    <marcxml:subfield code="c">20 cm.</marcxml:subfield>
  </marcxml:datafield>
  <marcxml:datafield tag="336" ind1=" " ind2=" ">
    <marcxml:subfield code="a">text</marcxml:subfield>
    <marcxml:subfield code="b">txt</marcxml:subfield>
    <marcxml:subfield code="2">rdacontent</marcxml:subfield>
  </marcxml:datafield>
  <marcxml:datafield tag="337" ind1=" " ind2=" ">
    <marcxml:subfield code="a">unmediated</marcxml:subfield>
    <marcxml:subfield code="b">n</marcxml:subfield>
    <marcxml:subfield code="2">rdamedia</marcxml:subfield>
  </marcxml:datafield>
  <marcxml:datafield tag="338" ind1=" " ind2=" ">
    <marcxml:subfield code="a">volume</marcxml:subfield>
    <marcxml:subfield code="b">nc</marcxml:subfield>
    <marcxml:subfield code="2">rdacarrier</marcxml:subfield>
  </marcxml:datafield>
  <marcxml:datafield tag="490" ind1="0" ind2=" ">
    <marcxml:subfield code="6">880-04</marcxml:subfield>
    <marcxml:subfield code="a">Zarubezhnai︠a︡ khudozhestvennai︠a︡ publit︠s︡istika i dokumentalʹnai︠a︡ proza</marcxml:subfield>
  </marcxml:datafield>
  <marcxml:datafield tag="880" ind1="0" ind2=" ">
    <marcxml:subfield code="6">490-04/(N</marcxml:subfield>
    <marcxml:subfield code="a">Зарубежная художественная публицистика и документальная проза</marcxml:subfield>
  </marcxml:datafield>
  <marcxml:datafield tag="546" ind1=" " ind2=" ">
    <marcxml:subfield code="a">Translation of: 1984 and selected essays.</marcxml:subfield>
  </marcxml:datafield>
  <marcxml:datafield tag="500" ind1=" " ind2=" ">
    <marcxml:subfield code="a">"Perevod s angliĭskogo".</marcxml:subfield>
  </marcxml:datafield>
  <marcxml:datafield tag="653" ind1="0" ind2=" ">
    <marcxml:subfield code="a">Literature (General)</marcxml:subfield>
  </marcxml:datafield>
  <marcxml:datafield tag="700" ind1="1" ind2=" ">
    <marcxml:subfield code="a">Muravʹev, V. S.</marcxml:subfield>
    <marcxml:subfield code="q">(Vladimir Sergeevich),</marcxml:subfield>
    <marcxml:subfield code="e">compiler.</marcxml:subfield>
  </marcxml:datafield>
  <marcxml:datafield tag="700" ind1="1" ind2=" ">
    <marcxml:subfield code="a">Chalikova, V. A.,</marcxml:subfield>
    <marcxml:subfield code="e">author.</marcxml:subfield>
  </marcxml:datafield>
  <marcxml:datafield tag="700" ind1="1" ind2=" ">
    <marcxml:subfield code="a">Faĭngar, A. A.,</marcxml:subfield>
    <marcxml:subfield code="e">editor.</marcxml:subfield>
  </marcxml:datafield>
  <marcxml:datafield tag="923" ind1=" " ind2=" ">
    <marcxml:subfield code="d">20200414</marcxml:subfield>
    <marcxml:subfield code="n">10258315</marcxml:subfield>
    <marcxml:subfield code="s">RuMoEVIS</marcxml:subfield>
  </marcxml:datafield>
  <marcxml:datafield tag="985" ind1=" " ind2=" ">
    <marcxml:subfield code="e">VENDOR LOAD</marcxml:subfield>
  </marcxml:datafield>
</marcxml:record>
